<?xml version="1.0" encoding="utf-8"?>
<record xmlns="http://www.loc.gov/MARC21/slim" xmlns:xsi="http://www.w3.org/2001/XMLSchema-instance" xsi:schemaLocation="http://www.loc.gov/MARC21/slim http://www.loc.gov/standards/marcxml/schema/MARC21slim.xsd">
	<leader>
		02663nam a2200433   4500
	</leader>
	<controlfield tag="001">
		2957844
	</controlfield>
	<controlfield tag="003">
		NNC
	</controlfield>
	<controlfield tag="006">
		m        d        
	</controlfield>
	<controlfield tag="007">
		cr cn |||m|||a
	</controlfield>
	<controlfield tag="008">
		160223s1967    iq h    o     000 0 arax 
	</controlfield>
	<datafield ind1=" " ind2=" " tag="040">
		<subfield code="a">
			NNU
		</subfield>
		<subfield code="b">
			eng
		</subfield>
		<subfield code="e">
			rda
		</subfield>
		<subfield code="c">
			NNU
		</subfield>
	</datafield>
	<datafield ind1="0" ind2="4" tag="050">
		<subfield code="a">
			BP129.42
		</subfield>
		<subfield code="b">
			.I23
		</subfield>
	</datafield>
	<datafield ind1="1" ind2=" " tag="100">
		<subfield code="6">
			880-01
		</subfield>
		<subfield code="a">
			Ibn Khālawayh, Ḥusayn ibn Aḥmad,
		</subfield>
		<subfield code="d">
			-980 or 981.
		</subfield>
	</datafield>
	<datafield ind1="1" ind2="0" tag="245">
		<subfield code="6">
			880-02
		</subfield>
		<subfield code="a">
			Kitāb iʻrāb thalāthīn sūrah min al-Qurʼān al-Karīm,
		</subfield>
		<subfield code="c">
			taʼlīf Abī ʻAbd allāh al-Ḥusayn ibn Aḥmad al-maʻrūf bi-Ibn Khālawayh.
		</subfield>
	</datafield>
	<datafield ind1="3" ind2=" " tag="246">
		<subfield code="a">
			Iʻrāb thalāthīn sūrah min al-Qurʼān al-Karīm
		</subfield>
	</datafield>
	<datafield ind1=" " ind2=" " tag="260">
		<subfield code="6">
			880-03
		</subfield>
		<subfield code="a">
			Baghdād :
		</subfield>
		<subfield code="b">
			Maktabat al-Muthanná,
		</subfield>
		<subfield code="c">
			1967.
		</subfield>
	</datafield>
	<datafield ind1=" " ind2=" " tag="300">
		<subfield code="a">
			online resource (7, 248 pages) :
		</subfield>
		<subfield code="b">
			facsimile
		</subfield>
	</datafield>
	<datafield ind1=" " ind2=" " tag="336">
		<subfield code="a">
			text
		</subfield>
		<subfield code="2">
			rdacontent
		</subfield>
	</datafield>
	<datafield ind1=" " ind2=" " tag="337">
		<subfield code="a">
			computer
		</subfield>
		<subfield code="2">
			rdamedia
		</subfield>
	</datafield>
	<datafield ind1=" " ind2=" " tag="338">
		<subfield code="a">
			online resource
		</subfield>
		<subfield code="2">
			rdacarrier
		</subfield>
	</datafield>
	<datafield ind1=" " ind2=" " tag="500">
		<subfield code="a">
			Added t.p.: Kitab iʼrab thalathin surah min al-Qurʼan al-karim, by Abu Abdullah al-Husain ibn Ahmad, known as Ibn Khalawayh.
		</subfield>
	</datafield>
	<datafield ind1=" " ind2=" " tag="500">
		<subfield code="a">
			Reprint of the ed. published in Cairo, 1941.
		</subfield>
	</datafield>
	<datafield ind1=" " ind2=" " tag="500">
		<subfield code="a">
			Part of the Arabic Collections Online (ACO) project, contributed by Columbia University Libraries.
		</subfield>
	</datafield>
	<datafield ind1="0" ind2=" " tag="505">
		<subfield code="a">
			Added t. p.: Kitab iʼrab thalathin surah min al-Qurʼan al-karim, by Abu Abdullah al-Husain ibn Ahmad, known as Ibn Khalawayh.
		</subfield>
	</datafield>
	<datafield ind1=" " ind2=" " tag="533">
		<subfield code="a">
			Electronic reproduction.
		</subfield>
		<subfield code="b">
			New York, N.Y. :
		</subfield>
		<subfield code="c">
			New York University,
		</subfield>
		<subfield code="d">
			2016.
		</subfield>
		<subfield code="5">
			NNU
		</subfield>
	</datafield>
	<datafield ind1="0" ind2="0" tag="630">
		<subfield code="a">
			Qurʼan.
		</subfield>
		<subfield code="p">
			Juzʼ ʻAmma
		</subfield>
		<subfield code="v">
			Commentaries.
		</subfield>
	</datafield>
	<datafield ind1="0" ind2="0" tag="630">
		<subfield code="a">
			Qurʼan.
		</subfield>
		<subfield code="p">
			Sūrat al-Fātiḥah
		</subfield>
		<subfield code="v">
			Commentaries.
		</subfield>
	</datafield>
	<datafield ind1="0" ind2="0" tag="630">
		<subfield code="a">
			Qurʼan
		</subfield>
		<subfield code="x">
			Language, style.
		</subfield>
	</datafield>
	<datafield ind1="2" ind2=" " tag="710">
		<subfield code="a">
			Columbia University.
		</subfield>
		<subfield code="b">
			Libraries.
		</subfield>
	</datafield>
	<datafield ind1="0" ind2=" " tag="730">
		<subfield code="a">
			Arabic Collections Online.
		</subfield>
	</datafield>
	<datafield ind1="0" ind2="8" tag="776">
		<subfield code="i">
			Online version:
		</subfield>
		<subfield code="a">
			Ibn Khālawayh, Ḥusayn ibn Aḥmad, -980 or 81.
		</subfield>
		<subfield code="t">
			Kitāb iʻrāb thalāthīn sūrah min al-Qurʼān al-Karīm.
		</subfield>
		<subfield code="d">
			Baghdād, Maktabat al-Muthanná, 1967
		</subfield>
		<subfield code="w">
			(OCoLC)743274215
		</subfield>
	</datafield>
	<datafield ind1="0" ind2="8" tag="776">
		<subfield code="i">
			Print version:
		</subfield>
		<subfield code="a">
			Ibn Khālawayh, Ḥusayn ibn Aḥmad, -980 or 981.
		</subfield>
		<subfield code="t">
			Kitāb iʻrāb thalāthīn sūrah min al-Qurʼān al-Karīm
		</subfield>
		<subfield code="w">
			(NNC)2957844
		</subfield>
		<subfield code="w">
			(DLC)   75961261 
		</subfield>
		<subfield code="w">
			(OCoLC)19940904
		</subfield>
	</datafield>
	<datafield ind1="4" ind2="0" tag="856">
		<subfield code="u">
			http://hdl.handle.net/2333.1/547d80t0
		</subfield>
	</datafield>
	<datafield ind1="1" ind2=" " tag="880">
		<subfield code="6">
			100-01/r
		</subfield>
		<subfield code="a">
			ابن خالويه، حسين بن أحمد.
		</subfield>
	</datafield>
	<datafield ind1="1" ind2="0" tag="880">
		<subfield code="6">
			240-00/r
		</subfield>
		<subfield code="a">
			إعراب ثلاثين سورة من القرآن الكريم
		</subfield>
	</datafield>
	<datafield ind1="1" ind2="0" tag="880">
		<subfield code="6">
			245-02/r
		</subfield>
		<subfield code="a">
			كتاب إعراب ثلاثين سورة من القرآن الكريم /
		</subfield>
		<subfield code="c">
			تأليف ابي عبد الله الحسين بن أحمد المعروف بابن خالويه.
		</subfield>
	</datafield>
	<datafield ind1=" " ind2=" " tag="880">
		<subfield code="6">
			260-03/r
		</subfield>
		<subfield code="a">
			بغداد :
		</subfield>
		<subfield code="b">
			مكتبة المثنى،
		</subfield>
		<subfield code="c">
			1967.
		</subfield>
	</datafield>
	<datafield ind1=" " ind2=" " tag="959">
		<subfield code="a">
			NNU
		</subfield>
		<subfield code="b">
			WEB
		</subfield>
		<subfield code="c">
			GENI
		</subfield>
		<subfield code="t">
			0
		</subfield>
		<subfield code="m">
			Electronic access
		</subfield>
		<subfield code="s">
			01
		</subfield>
	</datafield>
	<datafield ind1=" " ind2=" " tag="999">
		<subfield code="i">
			NNC_2957844
		</subfield>
		<subfield code="o">
			(OCoLC)ocm19940904 
		</subfield>
		<subfield code="s">
			columbia_aco001614
		</subfield>
		<subfield code="e">
			(ERROR-880)
		</subfield>
	</datafield>
</record>
